<?xml version="1.0" encoding="UTF-8"?><collection xmlns="http://www.loc.gov/MARC21/slim"><record><leader>00439nam--2200121-i-4500</leader><controlfield tag="001">000018977</controlfield><controlfield tag="002">20161230</controlfield><controlfield tag="005">20161230201033</controlfield><controlfield tag="008">060222s1000------------r-----000-0-eng-d</controlfield><datafield ind1=" " ind2=" " tag="080"><subfield code="a">669</subfield></datafield><datafield ind1=" " ind2=" " tag="245"><subfield code="a">Ecrouissage,restauration,recristallisation. 7-e colleque de metallurgie,organise a saclay les 27 et 28 juin 1963 par m.salesse,sous la presidence de m.le prof.chaudron</subfield></datafield><datafield ind1=" " ind2=" " tag="260"><subfield code="a">Saclay, Centre D`Etudes Nucleaires, 1963. 202 P</subfield></datafield><datafield ind1=" " ind2=" " tag="852"><subfield code="a">25772</subfield></datafield></record></collection>